<record><leader>00000cas a2200000 a 4500</leader><controlfield tag="001">7467344</controlfield><controlfield tag="007">hd afa014baua</controlfield><controlfield tag="008">810601c16669999ctuuu nea    f0   a0eng c</controlfield><datafield ind1=" " ind2=" " tag="010"><subfield code="a">sn2002058160</subfield></datafield><datafield ind1=" " ind2=" " tag="040"><subfield code="a">IPL</subfield><subfield code="b">eng</subfield><subfield code="c">IPL</subfield><subfield code="d">OCL</subfield><subfield code="d">DLC</subfield><subfield code="d">MBB</subfield><subfield code="d">OCLCQ</subfield><subfield code="d">OCLCF</subfield><subfield code="d">OCLCO</subfield><subfield code="d">OCL</subfield><subfield code="d">DLC</subfield></datafield><datafield ind1=" " ind2=" " tag="042"><subfield code="a">pcc</subfield></datafield><datafield ind1=" " ind2=" " tag="043"><subfield code="a">e-uk---</subfield></datafield><datafield ind1="0" ind2="0" tag="050"><subfield code="a">Newspaper</subfield></datafield><datafield ind1="1" ind2="4" tag="050"><subfield code="a">J7</subfield><subfield code="b">.G6</subfield></datafield><datafield ind1=" " ind2=" " tag="092"><subfield code="a">072</subfield><subfield code="b">Ea76, Reel 199-210, 458-481, 884, 1135-1149</subfield></datafield><datafield ind1="0" ind2="4" tag="245"><subfield code="a">The London gazette</subfield><subfield code="h">[microform].</subfield></datafield><datafield ind1=" " ind2=" " tag="260"><subfield code="a">London :</subfield><subfield code="b">Edw. Jones,</subfield><subfield code="c">1666-</subfield></datafield><datafield ind1=" " ind2=" " tag="300"><subfield code="a">v. ;</subfield><subfield code="c">29-31 cm.</subfield></datafield><datafield ind1=" " ind2=" " tag="310"><subfield code="a">Four times weekly</subfield></datafield><datafield ind1=" " ind2=" " tag="321"><subfield code="a">Daily</subfield></datafield><datafield ind1=" " ind2=" " tag="321"><subfield code="a">Semiweekly</subfield></datafield><datafield ind1="0" ind2=" " tag="362"><subfield code="a">No. 24 (Feb. 1666)-</subfield></datafield><datafield ind1=" " ind2=" " tag="500"><subfield code="a">Published by authority.</subfield></datafield><datafield ind1=" " ind2=" " tag="525"><subfield code="a">Supplements accompany some volumes.</subfield></datafield><datafield ind1=" " ind2=" " tag="580"><subfield code="a">Also available in French edition.</subfield></datafield><datafield ind1=" " ind2=" " tag="533"><subfield code="a">Microfilm.</subfield><subfield code="b">Woodbridge, Conn. :</subfield><subfield code="c">Research Publications.</subfield><subfield code="e">microfilm reels ; 35 mm.</subfield><subfield code="f">(Early English newspapers ; 199-210, 458-481, 884, 1135-1149).</subfield></datafield><datafield ind1=" " ind2="0" tag="651"><subfield code="a">Great Britain</subfield><subfield code="x">Politics and government</subfield><subfield code="v">Periodicals.</subfield></datafield><datafield ind1=" " ind2="0" tag="651"><subfield code="a">London (England)</subfield><subfield code="v">Newspapers.</subfield></datafield><datafield ind1=" " ind2="7" tag="650"><subfield code="a">Politics and government</subfield><subfield code="2">fast</subfield><subfield code="0">(OCoLC)fst01919741</subfield></datafield><datafield ind1=" " ind2="7" tag="651"><subfield code="a">England</subfield><subfield code="z">London.</subfield><subfield code="2">fast</subfield><subfield code="0">(OCoLC)fst01204271</subfield></datafield><datafield ind1=" " ind2="7" tag="651"><subfield code="a">Great Britain.</subfield><subfield code="2">fast</subfield><subfield code="0">(OCoLC)fst01204623</subfield></datafield><datafield ind1=" " ind2="7" tag="655"><subfield code="a">Newspapers.</subfield><subfield code="2">fast</subfield><subfield code="0">(OCoLC)fst01423814</subfield></datafield><datafield ind1=" " ind2="7" tag="655"><subfield code="a">Periodicals.</subfield><subfield code="2">fast</subfield><subfield code="0">(OCoLC)fst01411641</subfield></datafield><datafield ind1=" " ind2=" " tag="752"><subfield code="a">Great Britain</subfield><subfield code="b">England</subfield><subfield code="d">London.</subfield></datafield><datafield ind1="1" ind2=" " tag="760"><subfield code="t">Early English newspapers</subfield></datafield><datafield ind1="1" ind2=" " tag="767"><subfield code="t">London gazette. French. Gazette de Londres</subfield><subfield code="w">(OCoLC)16471089</subfield></datafield><datafield ind1="1" ind2=" " tag="776"><subfield code="t">London gazette</subfield><subfield code="w">(OCoLC)6672113</subfield></datafield><datafield ind1="0" ind2="0" tag="780"><subfield code="t">Oxford gazette</subfield><subfield code="w">(OCoLC)9026323</subfield></datafield><datafield ind1=" " ind2="0" tag="830"><subfield code="a">Early English newspapers ;</subfield><subfield code="v">199-210, 458-481, 884, 1135-1149.</subfield></datafield></record>